@article{Hackenberg_2023,
  title   = {GITHUB FOR PRODUCT DEVELOPMENT - HOW COULD THAT LOOK LIKE?},
  volume  = {3},
  journal = {Proceedings of the Design Society},
  author  = {Hackenberg, Georg and Zehetner, Christian and Frühwirth, Dominik},
  year    = {2023},
  pages   = {2055–2064}
}